@Unpublished{Kearney_2016b,
  author =       {{\authorname{kearney}} and Mariotti, Giulio and Deegan, Linda A. and Fagherazzi, Sergio},
  title =        {Stage-discharge relationship in tidal channels},
  note = {In preparation},
  year =         2016,

}

