@InProceedings{Kearney_2014,
  author =       {{\authorname{kearney}} and Fagherazzi, Sergio},
  title =        {Salt marsh vegetation promotes efficient tidal channel networks},
  year =      {2014},
  publisher = {Presented at the AGU Fall Meeting, San Francisco, CA},
}


@InProceedings{Kearney_2015,
  author = 	 {{\authorname{kearney}} and Fagherazzi, Sergio},
  title = 	 {Deriving process knowledge from data in coastal ecohydrology},
  year = {2015},
  publisher = {Presented at Data Science Workshop, University of Washington, Seattle, WA},
}

