@Article{Kearney_2016,
title="Salt marsh vegetation promotes efficient tidal channel networks",
author= {\authorname{kearney} and Fagherazzi, Sergio},
journal={Nature Communications},
year=2016,
volume = 7,
url="http://dx.doi.org/10.1038/ncomms12287"
}


                  
@Article{Mariotti_2016,
  author =       {Mariotti, Giulio and {\authorname{kearney}} and Fagherazzi, Sergio},
  title =        {Soil creep in salt marshes},
  journal =      {Geology},
  year =         2016,
  volume =    44,
  number =    6,
  pages =     {459--462}}