@article{Gardner_1975, Title={Runoff From An Intertidal Marsh During Tidal Exposure-Recession Curves and Chemical Characteristics}, Volume={20}, Issn={0024-3590}, Url={Http://Dx.Doi.Org/10.4319/Lo.1975.20.1.0081}, Doi={10.4319/Lo.1975.20.1.0081}, Number={1}, Journal={Limnology and Oceanography}, Publisher={Wiley-Blackwell}, Author={Gardner, Leonard Robert}, Year={1975}, Pages={81–89}}

@article{Dubnov_2004, Title={Generalization Of Spectral Flatness Measure For Non-Gaussian Linear Processes}, Volume={11}, Issn={1070-9908}, Url={Http://Dx.Doi.Org/10.1109/Lsp.2004.831663}, Doi={10.1109/Lsp.2004.831663}, Number={8}, Journal={Ieee Signal Process. Lett.}, Publisher={Institute Of Electrical & Electronics Engineers (Ieee)}, Author={Dubnov, S.}, Year={2004}, Month={Aug}, Pages={698–701}}

@article{Pillonetto_2010, Title={A New Kernel-Based Approach For Linear System Identification}, Volume={46}, Issn={0005-1098}, Url={Http://Dx.Doi.Org/10.1016/J.Automatica.2009.10.031}, Doi={10.1016/J.Automatica.2009.10.031}, Number={1}, Journal={Automatica}, Publisher={Elsevier Bv}, Author={Pillonetto, Gianluigi and De Nicolao, Giuseppe}, Year={2010}, Month={Jan}, Pages={81–93}}

@article{Klaus_2015, Title={Temporal Dynamics Of Catchment Transit Times From Stable Isotope Data}, Volume={51}, Issn={0043-1397}, Url={Http://Dx.Doi.Org/10.1002/2014wr016247}, Doi={10.1002/2014wr016247}, Number={6}, Journal={Water Resources Research}, Publisher={Wiley-Blackwell}, Author={Klaus, Julian and Chun, Kwok P. and Mcguire, Kevin J. and Mcdonnell, Jeffrey J.}, Year={2015}, Month={Jun}, Pages={4208–4223}}

@article{Franz_2006, Title={A Unifying View Of {Wiener} and {Volterra} Theory and Polynomial Kernel Regression}, Volume={18}, Issn={1530-888x}, Url={Http://Dx.Doi.Org/10.1162/Neco.2006.18.12.3097}, Doi={10.1162/Neco.2006.18.12.3097}, Number={12}, Journal={Neural Computation}, Publisher={Mit Press - Journals}, Author={Franz, Matthias O. and Schölkopf, Bernhard}, Year={2006}, Month={Dec}, Pages={3097–3118}}

@article{Blanton_2002, Title={Tidal Current Asymmetry In Shallow Estuaries and Tidal Creeks}, Volume={22}, Issn={0278-4343}, Url={Http://Dx.Doi.Org/10.1016/S0278-4343(02)00035-3}, Doi={10.1016/S0278-4343(02)00035-3}, Number={11-13}, Journal={Continental Shelf Research}, Publisher={Elsevier Bv}, Author={Blanton, Jackson O and Lin, Guoqing and Elston, Susan A}, Year={2002}, Month={Jul}, Pages={1731–1743}}

@article{Speer_1985, Title={A Study Of Non-Linear Tidal Propagation In Shallow inlet/estuarine Systems. {Part II: Theory}}, Volume={21}, Issn={0272-7714}, Url={Http://Dx.Doi.Org/10.1016/0272-7714(85)90097-6}, doi={10.1016/0272-7714(85)90097-6}, Number={2}, Journal={Estuarine, Coastal and Shelf Science}, Publisher={Elsevier Bv}, Author={Speer, P.E. and Aubrey, D.G.}, Year={1985}, Month={Aug}, Pages={207–224}}

@article{Harman_2015, Title={Time-Variable Transit Time Distributions and Transport: Theory and Application To Storage-Dependent Transport Of Chloride In A Watershed}, Volume={51}, Issn={0043-1397}, Url={Http://Dx.Doi.Org/10.1002/2014wr015707}, Doi={10.1002/2014wr015707}, Number={1}, Journal={Water Resources Research}, Publisher={Wiley-Blackwell}, Author={Harman, Ciaran J.}, Year={2015}, Month={Jan}, Pages={1–30}}

@article{Botter_2010, Title={Transport In The Hydrologic Response: Travel Time Distributions, Soil Moisture Dynamics, and The Old Water Paradox}, Volume={46}, Issn={0043-1397}, Url={Http://Dx.Doi.Org/10.1029/2009wr008371}, Doi={10.1029/2009wr008371}, Number={3}, Journal={Water Resources Research}, Publisher={Wiley-Blackwell}, Author={Botter, Gianluca and Bertuzzo, Enrico and Rinaldo, Andrea}, Year={2010}, Month={Mar}, Pages={W03514}}

@article{Ghorbani_2016, Title={Modeling River Discharge Time Series Using Support Vector Machine and Artificial Neural Networks}, Volume={75}, Issn={1866-6299}, Url={Http://Dx.Doi.Org/10.1007/S12665-016-5435-6}, Doi={10.1007/S12665-016-5435-6}, Number={8}, Journal={Environmental Earth Sciences}, Publisher={Springer Science + Business Media}, Author={Ghorbani, Mohammad Ali and Khatibi, Rahman and Goel, Arun and Fazelifard, Mohammad Hasan and Azani, Atefeh}, Year={2016}, Month={Apr}}

@article{Healey_1981, Title={Velocity Variations In Salt Marsh Creeks, Norfolk, England}, Volume={13}, Issn={0272-7714}, Url={Http://Dx.Doi.Org/10.1016/S0302-3524(81)80056-4}, Doi={10.1016/S0302-3524(81)80056-4}, Number={5}, Journal={Estuarine, Coastal and Shelf Science}, Publisher={Elsevier Bv}, Author={Healey, R.G. and Pye, K. and Stoddart, D.R. and Bayliss-Smith, T.P.}, Year={1981}, Month={Nov}, Pages={535–545}}

@article{Pethick_1980, Title={Velocity Surges and Asymmetry In Tidal Channels}, Volume={11}, Issn={0302-3524}, Url={Http://Dx.Doi.Org/10.1016/S0302-3524(80)80087-9}, Doi={10.1016/S0302-3524(80)80087-9}, Number={3}, Journal={Estuarine and Coastal Marine Science}, Publisher={Elsevier Bv}, Author={Pethick, J.S.}, Year={1980}, Month={Sep}, Pages={331–345}}

@article{Ashley_1988, Title={Tidal Channel Classification For A Low-Mesotidal Salt Marsh}, Volume={82}, Issn={0025-3227}, Url={Http://Dx.Doi.Org/10.1016/0025-3227(88)90004-7}, Doi={10.1016/0025-3227(88)90004-7}, Number={1-2}, Journal={Marine Geology}, Publisher={Elsevier Bv}, Author={Ashley, Gail M. and Zeff, Marjorie L.}, Year={1988}, Month={Jul}, Pages={17–32}}

@article{Mariotti_2011, Title={Asymmetric Fluxes Of Water and Sediments In A Mesotidal Mudflat Channel}, Volume={31}, Issn={0278-4343}, Url={Http://Dx.Doi.Org/10.1016/J.Csr.2010.10.014}, Doi={10.1016/J.Csr.2010.10.014}, Number={1}, Journal={Continental Shelf Research}, Publisher={Elsevier Bv}, Author={Mariotti, G. and Fagherazzi, S.}, Year={2011}, Month={Jan}, Pages={23–36}}

@article{Cai_2011, Title={ Estuarine and Coastal Ocean Carbon Paradox: CO2 Sinks Or Sites Of Terrestrial Carbon Incineration? }, Volume={3}, Issn={1941-0611}, Url={Http://Dx.Doi.Org/10.1146/Annurev-Marine-120709-142723}, Doi={10.1146/Annurev-Marine-120709-142723}, Number={1}, Journal={Ann. Rev. Marine. Sci.}, Publisher={Annual Reviews}, Author={Cai, Wei-Jun}, Year={2011}, Month={Jan}, Pages={123–145}}

@article{Duarte_2005, Title={Major Role Of Marine Vegetation On The Oceanic Carbon Cycle}, Volume={2}, Issn={1726-4189}, Url={Http://Dx.Doi.Org/10.5194/Bg-2-1-2005}, Doi={10.5194/Bg-2-1-2005}, Number={1}, Journal={Biogeosciences}, Publisher={Copernicus Gmbh}, Author={Duarte, C. M. and Middelburg, J. J. and Caraco, N.}, Year={2005}, Month={Feb}, Pages={1–8}}

@article{Chmura_2003, Title={Global Carbon Sequestration In Tidal, Saline Wetland Soils}, Volume={17}, Issn={0886-6236}, Url={Http://dx.doi.org/10.1029/2002gb001917}, doi={10.1029/2002GB001917}, Number={4}, Journal={Global Biogeochemical Cycles}, Publisher={Wiley-Blackwell}, Author={Chmura, Gail L. and Anisfeld, Shimon C. and Cahoon, Donald R. and Lynch, James C.}, Year={2003}, Month={Dec}, Pages={1111}}

@article{Beven_2015, Title={Velocities, Celerities and The Basin Of Attraction In Catchment Response}, Volume={29}, Issn={0885-6087}, Url={Http://Dx.Doi.Org/10.1002/Hyp.10699}, Doi={10.1002/Hyp.10699}, Number={25}, Journal={Hydrological Processes}, Publisher={Wiley-Blackwell}, Author={Beven, Keith and Davies, Jess}, Year={2015}, Month={Nov}, Pages={5214–5226}}

@article{Wagener_2004, Title={Rainfall-Runoff Modelling In Gauged and Ungauged Catchments}, Isbn={Http://Id.Crossref.Org/Isbn/978-1-86094-539-7}, Url={Http://Dx.Doi.Org/10.1142/P335}, Doi={10.1142/P335}, Publisher={World Scientific Pub Co Pte Lt}, Author={Wagener, Thorsten and Wheater, Howard S and Gupta, Hoshin V}, Year={2004}, Month={Sep}}

@article{Sivapalan_2003, Title={Prediction In Ungauged Basins: A Grand Challenge For Theoretical Hydrology}, Volume={17}, Issn={1099-1085}, Url={Http://Dx.Doi.Org/10.1002/Hyp.5155}, Doi={10.1002/Hyp.5155}, Number={15}, Journal={Hydrological Processes}, Publisher={Wiley-Blackwell}, Author={Sivapalan, Murugesu}, Year={2003}, Pages={3163–3170}}

@article{Amorocho_1971, Title={Determination Of Nonlinear Functional Response Functions In Rainfall-Runoff Processes}, Volume={7}, Issn={0043-1397}, Url={Http://Dx.Doi.Org/10.1029/Wr007i005p01087}, Doi={10.1029/Wr007i005p01087}, Number={5}, Journal={Water Resources Research}, Publisher={Wiley-Blackwell}, Author={Amorocho, J. and Brandstetter, A.}, Year={1971}, Month={Oct}, Pages={1087–1101}}

@article{Fagherazzi_2013, Title={Fluxes Of Water, Sediments, and Biogeochemical Compounds In Salt Marshes}, Volume={2}, Issn={2192-1709}, Url={Http://Dx.Doi.Org/10.1186/2192-1709-2-3}, Doi={10.1186/2192-1709-2-3}, Number={1}, Journal={Ecological Processes}, Publisher={Springer Nature}, Author={Fagherazzi, Sergio and Wiberg, Patricia L and Temmerman, Stijn and Struyf, Eric and Zhao, Yong and Raymond, Peter A}, Year={2013}, Pages={3}}

@article{Ljung_1978, title={On a measure of lack of fit in time series models}, volume={65}, ISSN={1464-3510}, url={http://dx.doi.org/10.1093/biomet/65.2.297}, DOI={10.1093/biomet/65.2.297}, number={2}, journal={Biometrika}, publisher={Oxford University Press (OUP)}, author={Ljung, G. M. and Box, G. E. P.}, year={1978}, month={Aug}, pages={297–303}}

@article{Buhlmann_2002, title={Bootstraps for Time Series}, volume={17}, ISSN={0883-4237}, url={http://dx.doi.org/10.1214/ss/1023798998}, DOI={10.1214/ss/1023798998}, number={1}, journal={Statist. Sci.}, publisher={Institute of Mathematical Statistics}, author={Bühlmann, Peter}, year={2002}, month={May}, pages={52–72}}

@article{Fagherazzi_2008, title={Geomorphic structure of tidal hydrodynamics in salt marsh creeks}, volume={44}, ISSN={0043-1397}, url={http://dx.doi.org/10.1029/2007wr006289}, DOI={10.1029/2007wr006289}, number={2}, journal={Water Resources Research}, publisher={Wiley-Blackwell}, author={Fagherazzi, Sergio and Hannion, Muriel and D’Odorico, Paolo}, year={2008}, month={Feb}, pages={W02419}}

@article{Boon_1975, title={Tidal discharge asymmetry in a salt marsh drainage system}, volume={20}, ISSN={0024-3590}, url={http://dx.doi.org/10.4319/lo.1975.20.1.0071}, DOI={10.4319/lo.1975.20.1.0071}, number={1}, journal={Limnology and Oceanography}, publisher={Wiley-Blackwell}, author={Boon, John D.}, year={1975}, pages={71–80}}

@article{Ghorbani_2016, title={Modeling river discharge time series using support vector machine and artificial neural networks}, volume={75}, ISSN={1866-6299}, url={http://dx.doi.org/10.1007/s12665-016-5435-6}, DOI={10.1007/s12665-016-5435-6}, number={8}, journal={Environmental Earth Sciences}, publisher={Springer Science + Business Media}, author={Ghorbani, Mohammad Ali and Khatibi, Rahman and Goel, Arun and FazeliFard, Mohammad Hasan and Azani, Atefeh}, year={2016}, month={Apr}}

@book{Kelley_1999, title={Iterative Methods for Optimization}, ISBN={http://id.crossref.org/isbn/978-1-61197-092-0}, url={http://dx.doi.org/10.1137/1.9781611970920}, DOI={10.1137/1.9781611970920}, publisher={Society for Industrial & Applied Mathematics (SIAM)}, author={Kelley, C. T.}, year=1999, month={Jan}}

@article{Morris_2002,
author = {Morris, James T. and Sundareshwar, P. V. and Nietch, Christopher T. and Kjerfve, Björn and Cahoon, D. R.},
title = {Responses Of Coastal Wetlands To Rising Sea Level},
journal = {Ecology},
volume = 83,
number = 10,
publisher = {Ecological Society of America},
issn = {1939-9170},
url = {http://dx.doi.org/10.1890/0012-9658(2002)083[2869:ROCWTR]2.0.CO;2},
doi = {10.1890/0012-9658(2002)083[2869:ROCWTR]2.0.CO;2},
pages = {2869--2877},
keywords = {coastal wetlands, optimal elevation, model, salt marsh, sea-level rise, sediment accretion, sedimentation, Spartina},
year = 2002,
}

@TechReport{Kennedy_1984,
  author =       {Kennedy, E. J.},
  title =        {Discharge Ratings and Gaging Stations},
  institution =  {U.S. Geological Survey Techniques of Water-Resources Investigations},
  year =         1984}
  
@article{Tawfik_1997,
  title={Hysteresis sensitive neural network for modeling rating curves},
  author={Tawfik, Maha and Ibrahim, Ayman and Fahmy, Hussam},
  journal={Journal of Computing in Civil Engineering},
  volume=11,
  number=3,
  pages={206--211},
  year=1997,
  publisher={American Society of Civil Engineers}
}

@article{Sudheer_2003,
  title={Radial basis function neural network for modeling rating curves},
  author={Sudheer, KP and Jain, SK},
  journal={Journal of Hydrologic Engineering},
  volume={8},
  number={3},
  pages={161--164},
  year={2003},
  publisher={American Society of Civil Engineers}
}

@article{Sahoo_2006, title={Flow forecasting for a {Hawaii} stream using rating curves and neural networks}, volume={317}, ISSN={0022-1694}, url={http://dx.doi.org/10.1016/j.jhydrol.2005.05.008}, DOI={10.1016/j.jhydrol.2005.05.008}, number={1-2}, journal={Journal of Hydrology}, publisher={Elsevier BV}, author={Sahoo, G.B. and Ray, C.}, year={2006}, month={Feb}, pages={63--80}}

@inproceedings{Vellido_2012,
  title={Making machine learning models interpretable.},
  author={Vellido, Alfredo and Mart{\'\i}n-Guerrero, Jos{\'e} David and Lisboa, Paulo JG},
  booktitle={ESANN},
  volume=12,
  pages={163--172},
  year=2012,
  organization={Citeseer}
}

@TechReport{Ruhl_2005,
  author =       {Ruhl, Catherine A. and Simpson, Michael R.},
  title =        {Computation of discharge using the index-velocity method in tidally affected areas},
  institution =  {US Geological Survey},
  year =         2005}

@book{Rugh_1981,
  title={Nonlinear system theory},
  author={Rugh, Wilson John},
  year={1981},
  publisher={Johns Hopkins University Press Baltimore}
}

@inproceedings{Arthur_2007,
  title={k-means++: The advantages of careful seeding},
  author={Arthur, David and Vassilvitskii, Sergei},
  booktitle={Proceedings of the eighteenth annual {ACM-SIAM Symposium on Discrete Algorithms}},
  pages={1027--1035},
  year={2007},
  organization={{Society for Industrial and Applied Mathematics}}
}

@article{Aravkin_2013, title={Linear system identification using stable spline kernels and {PLQ} penalties}, ISBN={http://id.crossref.org/isbn/978-1-4799-1381-7}, url={http://dx.doi.org/10.1109/cdc.2013.6760701}, DOI={10.1109/cdc.2013.6760701}, journal={52nd IEEE Conference on Decision and Control}, publisher={Institute of Electrical & Electronics Engineers (IEEE)}, author={Aravkin, Aleksandr Y. and Burke, James V. and Pillonetto, Gianluigi}, year={2013}, month={Dec}}

@article{Tibshirani_1996,
  title={Regression shrinkage and selection via the lasso},
  author={Tibshirani, Robert},
  journal={Journal of the Royal Statistical Society. Series B (Methodological)},
  pages={267--288},
  year={1996},
  publisher={JSTOR}
}

@article{Tibshirani_2011, title={Regression shrinkage and selection via the lasso: a retrospective}, volume={73}, ISSN={1369-7412}, url={http://dx.doi.org/10.1111/j.1467-9868.2011.00771.x}, DOI={10.1111/j.1467-9868.2011.00771.x}, number={3}, journal={Journal of the Royal Statistical Society: Series B (Statistical Methodology)}, publisher={Wiley-Blackwell}, author={Tibshirani, Robert}, year={2011}, month={Apr}, pages={273\342\200\223282}}

@Book{Little_2002,
  author =    {Little, Roderick J. A. and Rubin, Donald B.},
  title =        {Statistical analysis with missing data},
  publisher =    {Wiley-Blackwell},
  year =         2002,
  edition =   2}
  
@article{Hopke_2001, title={Multiple Imputation for Multivariate Data with Missing and Below-Threshold Measurements: Time-Series Concentrations of Pollutants in the Arctic}, volume=57, ISSN={0006-341X}, url={http://dx.doi.org/10.1111/j.0006-341x.2001.00022.x}, DOI={10.1111/j.0006-341x.2001.00022.x}, number=1, journal={Biometrics}, publisher={Wiley-Blackwell}, author={Hopke, Philip K. and Liu, Chuanhai and Rubin, Donald B.}, year=2001, month={Mar}, pages={22--33}}

@article{Carey_2014, title={Salt marsh tidal exchange increases residence time of silica in estuaries}, volume={59}, ISSN={0024-3590}, url={http://dx.doi.org/10.4319/lo.2014.59.4.1203}, DOI={10.4319/lo.2014.59.4.1203}, number={4}, journal={Limnology and Oceanography}, publisher={Wiley-Blackwell}, author={Carey, J. C. and Fulweiler, R. W.}, year={2014}, month={Jun}, pages={1203--1212}}

@article{Ganju_2013, title={Inferring tidal wetland stability from channel sediment fluxes: Observations and a conceptual model}, volume={118}, ISSN={2169-9003}, url={http://dx.doi.org/10.1002/jgrf.20143}, DOI={10.1002/jgrf.20143}, number={4}, journal={Journal of Geophysical Research: Earth Surface}, publisher={Wiley-Blackwell}, author={Ganju, Neil K. and Nidzieko, Nicholas J. and Kirwan, Matthew L.}, year={2013}, month={Oct}, pages={2045--2058}}

@article{Zou_2005,
  title={Regularization and variable selection via the elastic net},
  author={Zou, Hui and Hastie, Trevor},
  journal={Journal of the Royal Statistical Society: Series B (Statistical Methodology)},
  volume={67},
  number={2},
  pages={301--320},
  year={2005},
  publisher={Wiley Online Library}
}

@book{Xu_2009,
  title={Clustering},
  author={Xu, Rui and Wunsch, Don},
  year=2009,
  publisher={John Wiley \& Sons}
}

@article{Hocking_1976,
  title={The analysis and selection of variables in linear regression},
  author={Hocking, Ronald R},
  journal={Biometrics},
  volume={32},
  number={1},
  pages={1--49},
  year={1976},
  publisher={JSTOR}
}

@article{Wold_1984,
  title={The collinearity problem in linear regression. The partial least squares (PLS) approach to generalized inverses},
  author={Wold, Svante and Ruhe, Arnold and Wold, Herman and Dunn, III, WJ},
  journal={SIAM Journal on Scientific and Statistical Computing},
  volume={5},
  number={3},
  pages={735--743},
  year={1984},
  publisher={SIAM}
}

@Book{Burnham_2002,
  author =    {Burnham, Kennneth P. and Anderson, David R.},
  title =        {Model selection and multimodel inference},
  publisher =    {Springer},
  year =         2002}

